<record><leader>00000cas a22000007a 4500</leader><controlfield tag="001">10568979</controlfield><controlfield tag="008">840328d19771981cauwr ne      0   a0eng d</controlfield><datafield ind1=" " ind2=" " tag="010"><subfield code="a">sn 84025884 </subfield></datafield><datafield ind1=" " ind2=" " tag="040"><subfield code="a">NPV</subfield><subfield code="b">eng</subfield><subfield code="c">NPV</subfield><subfield code="d">NSD</subfield><subfield code="d">EYM</subfield><subfield code="d">CNK</subfield><subfield code="d">OCL</subfield><subfield code="d">OCLCQ</subfield><subfield code="d">OCLCF</subfield><subfield code="d">OCLCO</subfield></datafield><datafield ind1="1" ind2=" " tag="029"><subfield code="a">AU@</subfield><subfield code="b">000020333379</subfield></datafield><datafield ind1=" " ind2=" " tag="042"><subfield code="a">msc</subfield></datafield><datafield ind1=" " ind2=" " tag="043"><subfield code="a">n-us-ca</subfield></datafield><datafield ind1="0" ind2="4" tag="245"><subfield code="a">The Weekend herald-dispatch.</subfield></datafield><datafield ind1="1" ind2="7" tag="246"><subfield code="a">Herald-dispatch</subfield></datafield><datafield ind1=" " ind2=" " tag="260"><subfield code="a">Los Angeles, Calif. :</subfield><subfield code="b">Herald-Dispatch Publications,</subfield><subfield code="c">1977-1981.</subfield></datafield><datafield ind1=" " ind2=" " tag="300"><subfield code="a">v. :</subfield><subfield code="b">ill. ;</subfield><subfield code="c">58 cm.</subfield></datafield><datafield ind1=" " ind2=" " tag="310"><subfield code="a">Weekly</subfield></datafield><datafield ind1="0" ind2=" " tag="362"><subfield code="a">Vol. 1, no. 32 (July 7-10, 1977)-v. 28, no. 61 (June 12, 1981).</subfield></datafield><datafield ind1=" " ind2=" " tag="500"><subfield code="a">Editor: July 7, 1977-Oct. 12, 1978, R.S. Allison.--Oct. 19, 1978-Jan. 30, 1981, C. Grace.--Feb. 6, 1981-June 12, 1981, O. Goode.</subfield></datafield><datafield ind1=" " ind2=" " tag="515"><subfield code="a">Numbering varies.</subfield></datafield><datafield ind1=" " ind2=" " tag="521"><subfield code="a">"Black." Cf. Black periodicals and newspapers.</subfield></datafield><datafield ind1=" " ind2="0" tag="650"><subfield code="a">African Americans</subfield><subfield code="z">California</subfield><subfield code="z">Los Angeles</subfield><subfield code="v">Newspapers.</subfield></datafield><datafield ind1=" " ind2="7" tag="655"><subfield code="a">Newspapers.</subfield><subfield code="2">fast</subfield><subfield code="0">(OCoLC)fst01423814</subfield></datafield><datafield ind1=" " ind2="7" tag="650"><subfield code="a">African Americans.</subfield><subfield code="2">fast</subfield><subfield code="0">(OCoLC)fst00799558</subfield></datafield><datafield ind1=" " ind2="7" tag="651"><subfield code="a">California</subfield><subfield code="z">Los Angeles.</subfield><subfield code="2">fast</subfield><subfield code="0">(OCoLC)fst01204540</subfield></datafield><datafield ind1="1" ind2=" " tag="700"><subfield code="a">Allison, Robert S.</subfield></datafield><datafield ind1="1" ind2=" " tag="700"><subfield code="a">Grace, Cheryle.</subfield></datafield><datafield ind1="1" ind2=" " tag="700"><subfield code="a">Goode, Ovid.</subfield></datafield><datafield ind1=" " ind2=" " tag="752"><subfield code="a">United States</subfield><subfield code="b">California</subfield><subfield code="c">Los Angeles</subfield><subfield code="d">Los Angeles.</subfield></datafield><datafield ind1="0" ind2="0" tag="780"><subfield code="t">Herald-dispatch (Los Angeles, Calif. : 1952)</subfield><subfield code="w">(DLC)sn 84025883</subfield><subfield code="w">(OCoLC)10568947</subfield></datafield><datafield ind1="0" ind2="0" tag="785"><subfield code="t">Herald-dispatch (Los Angeles, Calif. : 1981)</subfield><subfield code="x">8750-2038</subfield><subfield code="w">(DLC)sn 84025885</subfield></datafield></record>